%! Author = lolo
%! Date = 2024/5/1

% MiniCPM citation
@misc{hu2024minicpm,
      title={MiniCPM: Unveiling the Potential of Small Language Models with Scalable Training Strategies}, 
      author={Shengding Hu and Yuge Tu and Xu Han and Chaoqun He and Ganqu Cui and Xiang Long and Zhi Zheng and Yewei Fang and Yuxiang Huang and Weilin Zhao and Xinrong Zhang and Zheng Leng Thai and Kaihuo Zhang and Chongyi Wang and Yuan Yao and Chenyang Zhao and Jie Zhou and Jie Cai and Zhongwu Zhai and Ning Ding and Chao Jia and Guoyang Zeng and Dahai Li and Zhiyuan Liu and Maosong Sun},
      year={2024},
      eprint={2404.06395},
      archivePrefix={arXiv},
      primaryClass={cs.CL},
      note={Results and MiniCPM implementation available at \url{https://github.com/OpenBMB/MiniCPM/blob/main/README-en.md#evaluation-results}}
}

% Ultra eval
@misc{he2024ultraeval,
      title={UltraEval: A Lightweight Platform for Flexible and Comprehensive Evaluation for LLMs}, 
      author={Chaoqun He and Renjie Luo and Shengding Hu and Yuanqian Zhao and Jie Zhou and Hanghao Wu and Jiajie Zhang and Xu Han and Zhiyuan Liu and Maosong Sun},
      year={2024},
      eprint={2404.07584},
      archivePrefix={arXiv},
      primaryClass={cs.CL},
      note={Implementation available at \url{https://github.com/OpenBMB/UltraEval}}
}

% references of mmlu_arrow dataset
@article{hendryckstest2021,
  title={Measuring Massive Multitask Language Understanding},
  author={Dan Hendrycks and Collin Burns and Steven Basart and Andy Zou and Mantas Mazeika and Dawn Song and Jacob Steinhardt},
  journal={Proceedings of the International Conference on Learning Representations (ICLR)},
  year={2021}
}

@article{hendrycks2021ethics,
  title={Aligning AI With Shared Human Values},
  author={Dan Hendrycks and Collin Burns and Steven Basart and Andrew Critch and Jerry Li and Dawn Song and Jacob Steinhardt},
  journal={Proceedings of the International Conference on Learning Representations (ICLR)},
  year={2021}
}

% references of gmsk8 dataset
@article{cobbe2021gsm8k,
  title={Training Verifiers to Solve Math Word Problems},
  author={Cobbe, Karl and Kosaraju, Vineet and Bavarian, Mohammad and Chen, Mark and Jun, Heewoo and Kaiser, Lukasz and Plappert, Matthias and Tworek, Jerry and Hilton, Jacob and Nakano, Reiichiro and Hesse, Christopher and Schulman, John},
  journal={arXiv preprint arXiv:2110.14168},
  year={2021}
}

% reference of opendelta library
@article{hu2023opendelta,
  title={OpenDelta: A Plug-and-play Library for Parameter-efficient Adaptation of Pre-trained Models},
  author={Hu, Shengding and Ding, Ning and Zhao, Weilin and Lv, Xingtai and Zhang, Zhen and Liu, Zhiyuan and Sun, Maosong},
  journal={arXiv preprint arXiv:2307.03084},
  year={2023}
}